<record><leader>00000cas a2200000 a 4500</leader><controlfield tag="001">18614885</controlfield><controlfield tag="008">881017d19011931txudr ne      0   a0eng  </controlfield><datafield ind1=" " ind2=" " tag="010"><subfield code="a">sn 88084272 </subfield></datafield><datafield ind1=" " ind2=" " tag="040"><subfield code="a">PPM</subfield><subfield code="b">eng</subfield><subfield code="c">PPM</subfield><subfield code="d">NVK</subfield><subfield code="d">OCLCQ</subfield><subfield code="d">DLC</subfield><subfield code="d">OCLCF</subfield></datafield><datafield ind1=" " ind2=" " tag="012"><subfield code="l">a</subfield></datafield><datafield ind1="1" ind2=" " tag="022"><subfield code="a">2159-5623</subfield><subfield code="2">1</subfield></datafield><datafield ind1="1" ind2=" " tag="029"><subfield code="a">AU@</subfield><subfield code="b">000020651428</subfield></datafield><datafield ind1=" " ind2=" " tag="042"><subfield code="a">pcc</subfield><subfield code="a">nsdp</subfield></datafield><datafield ind1=" " ind2=" " tag="043"><subfield code="a">n-us-tx</subfield></datafield><datafield ind1="0" ind2="0" tag="050"><subfield code="a">Newspaper</subfield></datafield><datafield ind1="0" ind2=" " tag="130"><subfield code="a">El Paso herald (El Paso, Tex. : 1901)</subfield></datafield><datafield ind1=" " ind2="0" tag="222"><subfield code="a">El Paso herald</subfield><subfield code="b">(El Paso, Tex. 1901)</subfield></datafield><datafield ind1="1" ind2="0" tag="245"><subfield code="a">El Paso herald.</subfield></datafield><datafield ind1=" " ind2=" " tag="260"><subfield code="a">El Paso, Tex. :</subfield><subfield code="b">Herald News Co.,</subfield><subfield code="c">1901-</subfield></datafield><datafield ind1=" " ind2=" " tag="310"><subfield code="a">Daily</subfield></datafield><datafield ind1="1" ind2=" " tag="362"><subfield code="a">Ceased with issue for Apr. 2, 1931.</subfield></datafield><datafield ind1="0" ind2=" " tag="362"><subfield code="a">21st year, no. [?] (Apr. 3, 1901)-</subfield></datafield><datafield ind1=" " ind2=" " tag="530"><subfield code="a">Archived issues are available in digital format as part of the Library of Congress Chronicling America online collection.</subfield></datafield><datafield ind1=" " ind2="0" tag="651"><subfield code="a">El Paso (Tex.)</subfield><subfield code="v">Newspapers.</subfield></datafield><datafield ind1=" " ind2="7" tag="655"><subfield code="a">Newspapers.</subfield><subfield code="2">fast</subfield><subfield code="0">(OCoLC)fst01423814</subfield></datafield><datafield ind1=" " ind2="7" tag="651"><subfield code="a">Texas</subfield><subfield code="z">El Paso.</subfield><subfield code="2">fast</subfield><subfield code="0">(OCoLC)fst01206678</subfield></datafield><datafield ind1=" " ind2=" " tag="752"><subfield code="a">United States</subfield><subfield code="b">Texas</subfield><subfield code="c">El Paso</subfield><subfield code="d">El Paso.</subfield></datafield><datafield ind1="0" ind2=" " tag="775"><subfield code="t">El Paso weekly herald</subfield><subfield code="w">(DLC)sn 86088892</subfield><subfield code="w">(OCoLC)14201719</subfield></datafield><datafield ind1="0" ind2="0" tag="780"><subfield code="t">El Paso daily herald</subfield><subfield code="x">2331-6004</subfield><subfield code="w">(DLC)sn 86064199</subfield><subfield code="w">(OCoLC)13695889</subfield></datafield><datafield ind1="0" ind2="7" tag="785"><subfield code="t">El Paso evening post</subfield><subfield code="w">(DLC)sn 88084263</subfield><subfield code="w">(OCoLC)18565059</subfield></datafield><datafield ind1="0" ind2="7" tag="785"><subfield code="t">El Paso herald El Paso evening post</subfield><subfield code="w">(DLC)sn 88084289</subfield><subfield code="w">(OCoLC)18664155</subfield></datafield><datafield ind1="4" ind2="1" tag="856"><subfield code="u">http://www.loc.gov/chroniclingamerica/lccn/sn88084272/issues</subfield></datafield></record>